<record><leader>00000cas a22000007a 4500</leader><controlfield tag="001">13048818</controlfield><controlfield tag="008">860122d18401844pauwr ne      0    0eng d</controlfield><datafield ind1=" " ind2=" " tag="010"><subfield code="a">sn 86081658 </subfield></datafield><datafield ind1=" " ind2=" " tag="040"><subfield code="a">NPH</subfield><subfield code="b">eng</subfield><subfield code="c">NPH</subfield><subfield code="d">NPX</subfield><subfield code="d">NPH</subfield><subfield code="d">OCLCG</subfield><subfield code="d">OCLCQ</subfield><subfield code="d">OCLCF</subfield><subfield code="d">OCLCO</subfield></datafield><datafield ind1="1" ind2=" " tag="029"><subfield code="a">AU@</subfield><subfield code="b">000025817012</subfield></datafield><datafield ind1=" " ind2=" " tag="042"><subfield code="a">msc</subfield></datafield><datafield ind1="0" ind2=" " tag="130"><subfield code="a">Plaindealer (Lancaster, Pa.)</subfield></datafield><datafield ind1="1" ind2="4" tag="245"><subfield code="a">The plaindealer.</subfield></datafield><datafield ind1="3" ind2="0" tag="246"><subfield code="a">Plain dealer</subfield></datafield><datafield ind1=" " ind2=" " tag="260"><subfield code="a">Lancaster [Pa.] :</subfield><subfield code="b">Mr. Forney,</subfield><subfield code="c">1840-</subfield></datafield><datafield ind1=" " ind2=" " tag="300"><subfield code="a">v. ;</subfield><subfield code="c">45 cm.</subfield></datafield><datafield ind1=" " ind2=" " tag="310"><subfield code="a">Weekly</subfield></datafield><datafield ind1="0" ind2=" " tag="362"><subfield code="a">Vol. 1, no. 1 (May 1, 1840)-</subfield></datafield><datafield ind1="1" ind2=" " tag="362"><subfield code="a">Ceased with Oct. 25, 1844 issue?</subfield><subfield code="z">Cf. Gregory, W. Amer. newspapers.</subfield></datafield><datafield ind1=" " ind2=" " tag="500"><subfield code="a">"Conducted by the Editor of the Intelligencer &amp; Journal."</subfield></datafield><datafield ind1=" " ind2=" " tag="500"><subfield code="a">Democratic campaign paper supporting James K. Polk for president.</subfield></datafield><datafield ind1=" " ind2=" " tag="500"><subfield code="a">"The liberties of the country are safest in the hands of the farmer and the mechanic."</subfield></datafield><datafield ind1=" " ind2=" " tag="515"><subfield code="a">Suspended publication &lt;Oct. 30, 1840-July 7, 1841&gt;.</subfield></datafield><datafield ind1=" " ind2=" " tag="580"><subfield code="a">Campaign ed. of: Lancaster intelligencer &amp; journal, and: Intelligencer &amp; journal (Lancaster, Pa. : 1842).</subfield></datafield><datafield ind1="1" ind2="0" tag="600"><subfield code="a">Polk, James K.</subfield><subfield code="q">(James Knox),</subfield><subfield code="d">1795-1849.</subfield></datafield><datafield ind1="1" ind2="7" tag="600"><subfield code="a">Polk, James K.</subfield><subfield code="q">(James Knox),</subfield><subfield code="d">1795-1849.</subfield><subfield code="2">fast</subfield><subfield code="0">(OCoLC)fst00063709</subfield></datafield><datafield ind1="2" ind2=" " tag="710"><subfield code="a">Republican Party (Pa. : 1792-1828)</subfield></datafield><datafield ind1=" " ind2=" " tag="752"><subfield code="a">United States</subfield><subfield code="b">Pennsylvania</subfield><subfield code="c">Lancaster</subfield><subfield code="d">Lancaster.</subfield></datafield><datafield ind1="1" ind2=" " tag="775"><subfield code="t">Lancaster intelligencer &amp; journal</subfield><subfield code="w">(DLC)sn 86083464</subfield></datafield><datafield ind1="1" ind2=" " tag="775"><subfield code="t">Intelligencer &amp; journal (Lancaster, Pa. : 1842)</subfield><subfield code="w">(DLC)sn 83032303</subfield></datafield></record>